
@article{tallor,
  author = {Jiacheng Li and Haibo Ding and Jingbo Shang and Julian Mcauley and Zhe Feng},
  title  = {Weakly Supervised Named Entity Tagging with Learnable Logical Rules},
  year   = {2021}
}
@article{seman_lex,
  author = {Michael Thelen and Ellen Riloff},
  title  = {A Bootstrapping Method for Learning Semantic Lexicons using Extraction Pattern Contexts},
  year   = {2002}
}

@book{holland-1992-adaptation,
  title     = { Adaptation in natural and artificial systems },
  author    = { John H. Holland },
  year      = { 1974 },
  pages     = {164-169},
  publisher = { MIT Press }
}

@article{Lison2020,
  author    = {Pierre Lison and Aliaksandr Hubin and Jeremy Barnes and Samia Touileb},
  doi       = {10.48550/arxiv.2004.14723},
  month     = {4},
  pages     = {1518-1533},
  publisher = {Association for Computational Linguistics (ACL)},
  title     = {Named Entity Recognition without Labelled Data: A Weak Supervision Approach},
  url       = {https://arxiv.org/abs/2004.14723v1},
  year      = {2020}
}


@article{Safranchik2020,
  author   = {Esteban Safranchik and Shiying Luo and Stephen H. Bach},
  doi      = {10.1609/aaai.v34i04.6009},
  isbn     = {9781577358350},
  issn     = {2159-5399},
  issue    = {1},
  journal  = {AAAI 2020 - 34th AAAI Conference on Artificial Intelligence},
  keywords = {Machine Learning},
  pages    = {5570-5578},
  title    = {Weakly supervised sequence tagging from noisy rules},
  year     = {2020}
}


@book{martin-2020-speech,
  title     = { Speech and Language Processing. An Introduction to Natural Language Processing,
               Computational Linguistics, and Speech Recognition },
  author    = { James H. Martin },
  year      = { 2020 },
  pages     = {148-170, 280-300},
  publisher = { Standord Press }
}

@article{Linder2020-Parallel,
  author    = {Marek Linder and Ivan Sekaj},
  doi       = {10.1145/3400031},
  isbn      = {9788021443020},
  issn      = {18033814},
  journal   = {ACM Computing Surveys (CSUR)},
  keywords  = {Parallelism,and learning,artificial intelligence,complex problem solving,genetic algorithms,last five years,new areas for search,optimization,time consuming applications},
  month     = {8},
  pages     = {9-15},
  publisher = {
               ACM
               PUB27
               New York, NY, USA
               },
  title     = {Parallel Genetic Algorithms},
  url       = {https://dl.acm.org/doi/10.1145/3400031},
  year      = {2020}
}


@article{Shang2018,
  author    = {Jingbo Shang and Liyuan Liu and Xiaotao Gu and Xiang Ren and Teng Ren and Jiawei Han},
  doi       = {10.48550/arxiv.1809.03599},
  isbn      = {9781948087841},
  journal   = {Proceedings of the 2018 Conference on Empirical Methods in Natural Language Processing, EMNLP 2018},
  month     = {9},
  pages     = {2054-2064},
  publisher = {Association for Computational Linguistics},
  title     = {Learning Named Entity Tagger using Domain-Specific Dictionary},
  url       = {https://arxiv.org/abs/1809.03599v1},
  year      = {2018}
}


@article{Fries2017,
  author = {Jason Fries and Sen Wu and Alex Ratner and Christopher RÃ©},
  doi    = {10.48550/arxiv.1704.06360},
  month  = {4},
  title  = {SwellShark: A Generative Model for Biomedical Named Entity Recognition without Labeled Data},
  url    = {https://arxiv.org/abs/1704.06360v1},
  year   = {2017}
}


@book{eiben-2015-speech,
  title     = { Introduction to EvolutionaryComputing },
  author    = { A.E. Eiben, J.E. Smith },
  year      = { 2015 },
  pages     = {25-43, 280-300},
  publisher = { Springer }
}



@inproceedings{goldber_mul,
  author    = {Goldberg, David E. and Richardson, Jon},
  title     = {Genetic Algorithms with Sharing for Multimodal Function Optimization},
  year      = {1987},
  isbn      = {0805801588},
  publisher = {L. Erlbaum Associates Inc.},
  address   = {USA},
  booktitle = {Proceedings of the Second International Conference on Genetic Algorithms on Genetic Algorithms and Their Application},
  pages     = {41-49},
  numpages  = {9},
  location  = {Cambridge, Massachusetts, USA}
}

@inproceedings{tjong-kim-sang-2002-introduction,
  title     = {Introduction to the {C}o{NLL}-2002 Shared Task: Language-Independent Named Entity Recognition},
  author    = {Tjong Kim Sang, Erik F.},
  booktitle = {{COLING}-02: The 6th Conference on Natural Language Learning 2002 ({C}o{NLL}-2002)},
  year      = {2002},
  url       = {https://aclanthology.org/W02-2024}
}

@inproceedings{ma-etal-2022-label,
  title     = {Label Semantics for Few Shot Named Entity Recognition},
  author    = {Ma, Jie  and
               Ballesteros, Miguel  and
               Doss, Srikanth  and
               Anubhai, Rishita  and
               Mallya, Sunil  and
               Al-Onaizan, Yaser  and
               Roth, Dan},
  booktitle = {Findings of the Association for Computational Linguistics: ACL 2022},
  month     = may,
  year      = {2022},
  address   = {Dublin, Ireland},
  publisher = {Association for Computational Linguistics},
  url       = {https://aclanthology.org/2022.findings-acl.155},
  doi       = {10.18653/v1/2022.findings-acl.155},
  pages     = {1956--1971}
}

@article{Huang2020FewShotNE,
  title   = {Few-Shot Named Entity Recognition: A Comprehensive Study},
  author  = {Jiaxin Huang and Chunyuan Li and Krishan Subudhi and Damien Jose and Shobana Balakrishnan and Weizhu Chen and Baolin Peng and Jianfeng Gao and Jiawei Han},
  journal = {ArXiv},
  year    = {2020},
  volume  = {abs/2012.14978}
}