
@article{tallor,
  author = {Jiacheng Li and Haibo Ding and Jingbo Shang and Julian Mcauley and Zhe Feng},
  title  = {Weakly Supervised Named Entity Tagging with Learnable Logical Rules},
  year   = {2017}
}
@article{seman_lex,
  author = {Michael Thelen and Ellen Riloff},
  title  = {A Bootstrapping Method for Learning Semantic Lexicons using Extraction Pattern Contexts},
  year   = {2002}
}

@book{holland-1992-adaptation,
  title     = { Adaptation in natural and artificial systems },
  author    = { John H. Holland },
  year      = { 1974 },
  pages     = {164-169},
  publisher = { MIT Press }
}

@book{martin-2020-speech,
  title     = { Speech and Language Processing. An Introduction to Natural Language Processing,
               Computational Linguistics, and Speech Recognition },
  author    = { James H. Martin },
  year      = { 2020 },
  pages     = {148-170, 280-300},
  publisher = { Standord Press }
}

@book{eiben-2015-speech,
  title     = { Introduction to EvolutionaryComputing },
  author    = { A.E. Eiben, J.E. Smith },
  year      = { 2015 },
  pages     = {25-43, 280-300},
  publisher = { Springer }
}



@inproceedings{goldber_mul,
  author    = {Goldberg, David E. and Richardson, Jon},
  title     = {Genetic Algorithms with Sharing for Multimodal Function Optimization},
  year      = {1987},
  isbn      = {0805801588},
  publisher = {L. Erlbaum Associates Inc.},
  address   = {USA},
  booktitle = {Proceedings of the Second International Conference on Genetic Algorithms on Genetic Algorithms and Their Application},
  pages     = {41-49},
  numpages  = {9},
  location  = {Cambridge, Massachusetts, USA}
}

@inproceedings{tjong-kim-sang-2002-introduction,
  title     = {Introduction to the {C}o{NLL}-2002 Shared Task: Language-Independent Named Entity Recognition},
  author    = {Tjong Kim Sang, Erik F.},
  booktitle = {{COLING}-02: The 6th Conference on Natural Language Learning 2002 ({C}o{NLL}-2002)},
  year      = {2002},
  url       = {https://aclanthology.org/W02-2024}
}

@inproceedings{ma-etal-2022-label,
  title     = {Label Semantics for Few Shot Named Entity Recognition},
  author    = {Ma, Jie  and
               Ballesteros, Miguel  and
               Doss, Srikanth  and
               Anubhai, Rishita  and
               Mallya, Sunil  and
               Al-Onaizan, Yaser  and
               Roth, Dan},
  booktitle = {Findings of the Association for Computational Linguistics: ACL 2022},
  month     = may,
  year      = {2022},
  address   = {Dublin, Ireland},
  publisher = {Association for Computational Linguistics},
  url       = {https://aclanthology.org/2022.findings-acl.155},
  doi       = {10.18653/v1/2022.findings-acl.155},
  pages     = {1956--1971}
}

@article{Huang2020FewShotNE,
  title   = {Few-Shot Named Entity Recognition: A Comprehensive Study},
  author  = {Jiaxin Huang and Chunyuan Li and Krishan Subudhi and Damien Jose and Shobana Balakrishnan and Weizhu Chen and Baolin Peng and Jianfeng Gao and Jiawei Han},
  journal = {ArXiv},
  year    = {2020},
  volume  = {abs/2012.14978}
}